My resources

@article{CRUNDALL2006671,
  author  = {David Crundall and Editha {Van Loon} and Geoffrey Underwood},
  title   = {Attraction and distraction of attention with roadside advertisements},
  doi     = {https://doi.org/10.1016/j.aap.2005.12.012},
  journal = {Accident Analysis and Prevention},
  month   = jul,
  number  = {4},
  pages   = {671-677},
  volume  = {38},
  year    = {2006}
}

@article{Kondyli2023,
author={Kondyli, Vasiliki and Bhatt, Mehul and Levin, Daniel and Suchan, Jakob},
title={How do drivers mitigate the effects of naturalistic visual complexity?},
journal={Cognitive Research: Principles and Implications},
year={2023},
month={Aug},
day={09},
volume={8},
number={1},
pages={54},
issn={2365-7464},
doi={10.1186/s41235-023-00501-1},
url={https://doi.org/10.1186/s41235-023-00501-1}
}

@inproceedings{10.1145/3675231.3675238,
author = {Berger Haladova, Zuzana and Zrubec, Michal and Cernekova, Zuzana},
title = {A method for estimating roadway billboard salience},
year = {2024},
isbn = {9798400710612},
publisher = {Association for Computing Machinery},
address = {New York, NY, USA},
url = {https://doi.org/10.1145/3675231.3675238},
doi = {10.1145/3675231.3675238},
booktitle = {ACM Symposium on Applied Perception 2024},
articleno = {1},
numpages = {5},
keywords = {Eyetracking, Object detection, Saliency, Visual advertising},
location = {Dublin, Ireland},
series = {SAP '24}
}

@INPROCEEDINGS{8237796,
  author={Neuhold, Gerhard and Ollmann, Tobias and Bulò, Samuel Rota and Kontschieder, Peter},
  booktitle={2017 IEEE International Conference on Computer Vision (ICCV)}, 
  title={The Mapillary Vistas Dataset for Semantic Understanding of Street Scenes}, 
  year={2017},
  volume={},
  number={},
  pages={5000-5009},
  keywords={Semantics;Cameras;Image segmentation;Visualization;Protocols;Quality assurance;Computer vision},
  doi={10.1109/ICCV.2017.534}}

@article{10308914,
  author  = {Černeková, Zuzana and Haladová, Zuzana Berger and Špirka, Ján and Kocur, Viktor},
  title   = {Evaluating the Significance of Outdoor Advertising from Driver’s Perspective Using Computer Vision},
  doi     = {10.1109/DISA59116.2023.10308914},
  journal = {2023 World Symposium on Digital Intelligence for Systems and Machines (DISA)},
  month   = nov,
  number  = {},
  pages   = {53-58},
  volume  = {},
  year    = {2023}
}

@article{doi:10.1049/icp.2024.3303,
author = {Sukriti Dhang  and Atseosi Idogho  and Mimi Zhang  and Soumyabrata Dev },
title = {Towards accurate billboard detection: an ablation and benchmarking study
               of deep learning models},
journal = {IET Conference Proceedings},
volume = {2024},
issue = {10},
pages = {178-185},
year = {2024},
doi = {10.1049/icp.2024.3303},

URL = {https://digital-library.theiet.org/doi/abs/10.1049/icp.2024.3303},
eprint = {https://digital-library.theiet.org/doi/pdf/10.1049/icp.2024.3303}
}


@Article{s20164587,
AUTHOR = {Morera, Ángel and Sánchez, Ángel and Moreno, A. Belén and Sappa, Ángel D. and Vélez, José F.},
TITLE = {SSD vs. YOLO for Detection of Outdoor Urban Advertising Panels under Multiple Variabilities},
JOURNAL = {Sensors},
VOLUME = {20},
YEAR = {2020},
NUMBER = {16},
ARTICLE-NUMBER = {4587},
URL = {https://www.mdpi.com/1424-8220/20/16/4587},
PubMedID = {32824232},
ISSN = {1424-8220},
DOI = {10.3390/s20164587}
}

@inproceedings{cc03a903ab2e47d6809b89bd4e6030ac,
title = "Billboard Detection in the Wild",
author = "Sayali Chavan and Dermot Kerr and Sonya Coleman and Hussein Khader",
year = "2021",
month = sep,
day = "3",
language = "English",
isbn = "978-0-9934207-6-4",
pages = "57--64",
booktitle = "Irish Machine Vision and Image Processing Conference Proceedings 2021 - DCU, Ireland",
publisher = "Irish Pattern Recognition and Classification Society",
address = "Ireland",
edition = "2021",
note = "Irish Machine Vision and Image Processing Conference 2021, IMVIP2021 ; Conference date: 01-09-2021 Through 03-09-2021",
url = "https://iprcs.github.io/IMVIP.html",
}

@inproceedings{8a0328019403498e931f6774b6c632eb,
title = "Deep Learning for Billboard Classification",
author = "Sayali Chavan and Dermot Kerr and Sonya Coleman and Hussein Khader",
year = "2023",
month = oct,
day = "11",
language = "English",
isbn = "978-1-68558-115-2",
pages = "29--35",
editor = "Petre Dini",
booktitle = "DIGITAL 2023",
publisher = "International Academy, Research, and Industry Association",
address = "United States",
note = "Advances on Societal Digital Transformation DIGITAL 2023, DIGITAL 2023 ; Conference date: 25-09-2023 Through 29-09-2023",
url = "https://www.iaria.org/conferences2023/DIGITAL23.html",
}